@article{wu2010sequential,
  title={Sequential File Prefetching in Linux},
  author={Wu, Fengguang},
  journal={Advanced Operating Systems and Kernel Applications: Techniques and Technologies},
  pages={218},
  year={2010}
}

@inproceedings{wu2007linux,
  title={Linux readahead: less tricks for more},
  author={Wu, Fengguang and Xi, Hongsheng and Li, Jun and Zou, Nanhai},
  booktitle={Proceedings of the Linux Symposium},
  volume={2},
  pages={273--284},
  year={2007},
  organization={Citeseer}
}


